@book{shwartz_understanding_ml,
  author =       {Shai Shalev-Shwartz and Shai Ben-David},
  title =        {Understanding Machine Learning},
  year =         {2014},
  publisher =    {Cambridge University Press},
  url =          {http://www.cs.huji.ac.il/~shais/UnderstandingMachineLearning},
  pages =        {nil},
  series =       {nil},
}

@article{lopez13_insig_into_class_with_imbal_data,
  author =       {Victoria López and Alberto Fernández and
                  Salvador García and Vasile Palade and Francisco
                  Herrera},
  title =        {An Insight Into Classification With Imbalanced Data:
                  Empirical Results and Current Trends on Using Data
                  Intrinsic Characteristics},
  journal =      {Information Sciences},
  volume =       250,
  number =       {nil},
  pages =        {113-141},
  year =         2013,
  doi =          {10.1016/j.ins.2013.07.007},
  url =          {https://doi.org/10.1016/j.ins.2013.07.007},
  DATE_ADDED =   {Fri Jan 6 15:57:25 2017},
}


@article{jo04_class_imbal_versus_small_disjun,
  author =       {Taeho Jo and Nathalie Japkowicz},
  title =        {Class Imbalances Versus Small Disjuncts},
  journal =      {ACM SIGKDD Explorations Newsletter},
  volume =       6,
  number =       1,
  pages =        40,
  year =         2004,
  doi =          {10.1145/1007730.1007737},
  url =          {https://doi.org/10.1145/1007730.1007737},
  DATE_ADDED =   {Fri Jan 6 16:04:28 2017},
}

@article{he09_learn_from_imbal_data,
  author =       { Haibo He and E.A. Garcia},
  title =        {Learning From Imbalanced Data},
  journal =      {IEEE Transactions on Knowledge and Data Engineering},
  volume =       21,
  number =       9,
  pages =        {1263-1284},
  year =         2009,
  doi =          {10.1109/tkde.2008.239},
  url =          {https://doi.org/10.1109/tkde.2008.239},
  DATE_ADDED =   {Fri Jan 6 16:08:14 2017},
}

@article{JMLR:v17:15-604,
  author  = {Art\"{u}r Manukyan and Elvan Ceyhan},
  title   = {Classification of Imbalanced Data with a Geometric Digraph Family},
  journal = {Journal of Machine Learning Research},
  year    = {2016},
  volume  = {17},
  number  = {189},
  pages   = {1-40},
  url     = {http://jmlr.org/papers/v17/15-604.html}
}



