@book{shalev,
  author =       {Shai Shalev-Shwartz and Shai Ben-David},
  title =        {Understanding Machine Learning},
  year =         {2014},
  publisher =    {Cambridge University Press},
  url =          {http://www.cs.huji.ac.il/~shais/UnderstandingMachineLearning}
}

@article{jo2004,
  author =       {Taeho Jo and Nathalie Japkowicz},
  title =        {Class Imbalances Versus Small Disjuncts},
  journal =      {ACM SIGKDD Explorations Newsletter},
  volume =       6,
  number =       1,
  pages =        40,
  year =         2004,
  doi =          {10.1145/1007730.1007737},
  url =          {https://doi.org/10.1145/1007730.1007737}
}

@article{he2009,
  author =       {Haibo He and E.A. Garcia},
  title =        {Learning From Imbalanced Data},
  journal =      {IEEE Transactions on Knowledge and Data Engineering},
  volume =       21,
  number =       9,
  pages =        {1263-1284},
  year =         2009,
  doi =          {10.1109/tkde.2008.239},
  url =          {https://doi.org/10.1109/tkde.2008.239}
}

@article{zhang2014,
  author =       {Huaxiang Zhang and Mingfang Li},
  title =        {Rwo-Sampling: A Random Walk Over-Sampling Approach
                  To Imbalanced Data Classification},
  journal =      {Information Fusion},
  volume =       20,
  number =       {nil},
  pages =        {99-116},
  year =         2014,
  doi =          {10.1016/j.inffus.2013.12.003},
  url =          {https://doi.org/10.1016/j.inffus.2013.12.003}
}

@article{das2015,
  author =       {Barnan Das and Narayanan C. Krishnan and Diane
                  J. Cook},
  title =        {Racog and Wracog: Two Probabilistic Oversampling
                  Techniques},
  journal =      {IEEE Transactions on Knowledge and Data Engineering},
  volume =       27,
  number =       1,
  pages =        {222-234},
  year =         2015,
  doi =          {10.1109/tkde.2014.2324567},
  url =          {https://doi.org/10.1109/tkde.2014.2324567}
}

@article{almogahed2014,
  author =       {B. A. Almogahed and I. A. Kakadiaris},
  title =        {Neater: Filtering of Over-Sampled Data Using
                  Non-Cooperative Game Theory},
  journal =      {Soft Computing},
  volume =       19,
  number =       11,
  pages =        {3301-3322},
  year =         2014,
  doi =          {10.1007/s00500-014-1484-5},
  url =          {https://doi.org/10.1007/s00500-014-1484-5}
}

@article{gao2014,
  author =       {Ming Gao and Xia Hong and Sheng Chen and Chris
                  J. Harris and Emad Khalaf},
  title =        {Pdfos: Pdf Estimation Based Over-Sampling for
                  Imbalanced Two-Class Problems},
  journal =      {Neurocomputing},
  volume =       138,
  number =       {nil},
  pages =        {248-259},
  year =         2014,
  doi =          {10.1016/j.neucom.2014.02.006},
  url =          {https://doi.org/10.1016/j.neucom.2014.02.006}
}

@misc{keelderma,
  author = {{KEEL data set repository}},
  title =  {Dermatology (Imbalanced: 6 vs rest) data set},
  url =    {http://sci2s.ugr.es/keel},
  institution = {Universidad de Granada}
}

@misc{slfetaya,
  author =      {Ethan Fetaya},
  title =       {Introduction to Statistical Learning Theory},
  year =        {2016},
  url =         {http://www.wisdom.weizmann.ac.il/~ethanf/teaching/ItSLT_16},
  institution = {Weizmann Institue of Science, Department of Computer Science and Applied Mathematics}
}

@article{lopez2013,
  author =       {Victoria López and Alberto Fernández and
                  Salvador García and Vasile Palade and Francisco
                  Herrera},
  title =        {An Insight Into Classification With Imbalanced Data:
                  Empirical Results and Current Trends on Using Data
                  Intrinsic Characteristics},
  journal =      {Information Sciences},
  volume =       250,
  number =       {nil},
  pages =        {113-141},
  year =         2013,
  doi =          {10.1016/j.ins.2013.07.007},
  url =          {https://doi.org/10.1016/j.ins.2013.07.007},
}

@book{loeve,
  author =       {M. Lo{\`e}ve},
  title =        {Probability Theory I},
  year =         1977,
  publisher =    {Springer New York},
  url =          {https://doi.org/10.1007/978-1-4684-9464-8},
  doi =          {10.1007/978-1-4684-9464-8},
  pages =        {nil},
  series =       {Graduate Texts in Mathematics}
}

@misc{wiki:markov,
    author = "Wikipedia",
    title = "Markov's inequality --- Wikipedia{,} The Free Encyclopedia",
    year = "2017",
    url = "https://en.wikipedia.org/w/index.php?title=Markov%27s_inequality&oldid=793454768"
}

@misc{wiki:hoeffding,
    author = "Wikipedia",
    title = "Hoeffding's inequality --- Wikipedia{,} The Free Encyclopedia",
    year = "2017",
    url = "https://en.wikipedia.org/w/index.php?title=Hoeffding%27s_inequality&oldid=793718871"
}

@misc{wiki:hoeff_lemma,
    author = "Wikipedia",
    title = "Hoeffding's lemma --- Wikipedia{,} The Free Encyclopedia",
    year = "2017",
    url = "https://en.wikipedia.org/w/index.php?title=Hoeffding%27s_lemma&oldid=780513284"
}

@misc{caratheodory,
    author = {Probability.net},
    title =  {Caratheodory extension},
    url =    {http://www.probability.net/WEBcaratheodory.pdf}
}